@misc{neato,
	author = {Ferguson, Mike},
	title = {Neato robot driver}, 
	howpublished = "\url{https://github.com/mikeferguson/neato_robot}"
}
